@article{inglehart2016,
	title = {Trump, Brexit, and the Rise of Populism: Economic Have-Nots and Cultural Backlash},
	author = {Inglehart, Ronald and Norris, Pippa},
	year = {2016},
	date = {2016},
	journal = {SSRN Electronic Journal},
	doi = {10.2139/ssrn.2818659},
	url = {http://dx.doi.org/10.2139/ssrn.2818659},
	langid = {en}
}

@article{margalit2019,
	title = {Economic Insecurity and the Causes of Populism, Reconsidered},
	author = {Margalit, Yotam},
	year = {2019},
	month = {11},
	date = {2019-11-01},
	journal = {Journal of Economic Perspectives},
	pages = {152--170},
	volume = {33},
	number = {4},
	doi = {10.1257/jep.33.4.152},
	url = {http://dx.doi.org/10.1257/jep.33.4.152},
	langid = {en}
}

@Article{Wolton2023,
  author    = {Wolton, Stephane},
  journal   = {CEPR Discussion Paper},
  title     = {White, Male, and Angry: A Reputation-based Rationale},
  year      = {2023},
  number    = {18084},
  address   = {Paris & London},
  date      = {2023},
  publisher = {CEPR Press},
  url       = {https://cepr.org/publications/dp18084},
}

@Article{Guiso2019,
  author    = {Guiso, Luigi and Herrera, Helios and Morelli, Massimo and Sonno, Tommaso},
  journal   = {Economic Policy},
  title     = {Global crises and populism: the role of Eurozone institutions*},
  year      = {2019},
  month     = {1},
  number    = {97},
  pages     = {95-139},
  volume    = {34},
  date      = {2019-01-01},
  day       = {1},
  doi       = {10.1093/epolic/eiy018},
  publisher = {Oxford University Press (OUP)},
}

@Article{Algan2017,
  author    = {Algan, Yann and Guriev, Sergei and Papaioannou, Elias and Passari, Evgenia},
  journal   = {Brookings Papers on Economic Activity},
  title     = {The European Trust Crisis and the Rise of Populism},
  year      = {2017},
  issn      = {1533-4465},
  number    = {2},
  pages     = {309--400},
  volume    = {2017},
  doi       = {10.1353/eca.2017.0015},
  publisher = {Project MUSE},
}

@Comment{jabref-meta: databaseType:bibtex;}
